
@article{catapano_taxpub:_2010,
	title = {{TaxPub}: an extension of the {NLM}/{NCBI} journal publishing {DTD} for taxonomic descriptions},
	shorttitle = {{TaxPub}},
	url = {https://www.ncbi.nlm.nih.gov/books/NBK47081/},
	urldate = {2017-07-11},
	author = {Catapano, Terence},
	year = {2010},
}

@article{mallet_species_2001,
	title = {Species, concepts of},
	volume = {5},
	url = {http://tarjomefa.com/wp-content/uploads/2016/02/4420-engilish.pdf},
	urldate = {2017-07-11},
	journal = {Encyclopedia of biodiversity},
	author = {Mallet, James},
	year = {2001},
	pages = {427--440},
	file = {species.pdf:C\:\\Users\\vsend_000\\Zotero\\storage\\5YG4ILIX\\species.pdf:application/pdf}
}

@article{deans_time_2012,
	title = {Time to change how we describe biodiversity},
	volume = {27},
	issn = {01695347},
	url = {http://linkinghub.elsevier.com/retrieve/pii/S0169534711003302},
	doi = {10.1016/j.tree.2011.11.007},
	language = {en},
	number = {2},
	urldate = {2017-07-11},
	journal = {Trends in Ecology \& Evolution},
	author = {Deans, Andrew R. and Yoder, Matthew J. and Balhoff, James P.},
	month = feb,
	year = {2012},
	pages = {78--84},
	file = {deans2012.pdf:C\:\\Users\\vsend_000\\Zotero\\storage\\75DVHXAI\\deans2012.pdf:application/pdf}
}

@article{penev_implementation_2012,
	title = {Implementation of {TaxPub}, an {NLM} {DTD} extension for domain-specific markup in taxonomy, from the experience of a biodiversity publisher},
	url = {https://www.ncbi.nlm.nih.gov/books/NBK100351/},
	urldate = {2017-07-11},
	author = {Penev, Lyubomir and Catapano, Terence and Agosti, Donat and Georgiev, Teodor and Sautter, Guido and Stoev, Pavel},
	year = {2012},
	file = {TaxPub_Penev.pdf:C\:\\Users\\vsend_000\\Zotero\\storage\\5M6N6B3B\\TaxPub_Penev.pdf:application/pdf}
}

@article{franz_names_2016,
	title = {Names are not good enough: {Reasoning} over taxonomic change in the {Andropogon} complex1},
	volume = {7},
	shorttitle = {Names are not good enough},
	url = {http://content.iospress.com/articles/semantic-web/sw220},
	number = {6},
	urldate = {2017-07-11},
	journal = {Semantic Web},
	author = {Franz, Nico M. and Chen, Mingmin and Kianmajd, Parisa and Yu, Shizhuo and Bowers, Shawn and Weakley, Alan S. and Ludäscher, Bertram},
	year = {2016},
	keywords = {names are bad identifiers},
	pages = {645--667},
	file = {swj1268.pdf:C\:\\Users\\vsend_000\\Zotero\\storage\\8A4JNE3N\\swj1268.pdf:application/pdf}
}

@article{remsen_use_2016,
	title = {The use and limits of scientific names in biological informatics},
	volume = {550},
	issn = {1313-2970, 1313-2989},
	url = {http://zookeys.pensoft.net/articles.php?id=6234},
	doi = {10.3897/zookeys.550.9546},
	urldate = {2017-07-11},
	journal = {ZooKeys},
	author = {Remsen, David},
	month = jan,
	year = {2016},
	keywords = {names are bad identifiers},
	pages = {207--223},
	file = {limits_of_names_remsen.pdf:C\:\\Users\\vsend_000\\Zotero\\storage\\CIT7IKPS\\limits_of_names_remsen.pdf:application/pdf}
}

@article{patterson_names_2010,
	title = {Names are key to the big new biology},
	volume = {25},
	issn = {01695347},
	url = {http://linkinghub.elsevier.com/retrieve/pii/S0169534710002181},
	doi = {10.1016/j.tree.2010.09.004},
	language = {en},
	number = {12},
	urldate = {2017-07-11},
	journal = {Trends in Ecology \& Evolution},
	author = {Patterson, D.J. and Cooper, J. and Kirk, P.M. and Pyle, R.L. and Remsen, D.P.},
	month = dec,
	year = {2010},
	keywords = {names are bad identifiers},
	pages = {686--691},
	file = {names_key_patterson2010.pdf:C\:\\Users\\vsend_000\\Zotero\\storage\\4FC9GJ5E\\names_key_patterson2010.pdf:application/pdf}
}

@article{sterner_taxonomy_2017,
	title = {Taxonomy for {Humans} or {Computers}? {Cognitive} {Pragmatics} for {Big} {Data}},
	volume = {12},
	issn = {1555-5542, 1555-5550},
	shorttitle = {Taxonomy for {Humans} or {Computers}?},
	url = {http://link.springer.com/10.1007/s13752-017-0259-5},
	doi = {10.1007/s13752-017-0259-5},
	language = {en},
	number = {2},
	urldate = {2017-07-11},
	journal = {Biological Theory},
	author = {Sterner, Beckett and Franz, Nico M.},
	month = jun,
	year = {2017},
	pages = {99--111},
	file = {sterner_taxonomy_humans.pdf:C\:\\Users\\vsend_000\\Zotero\\storage\\MX42WIH4\\sterner_taxonomy_humans.pdf:application/pdf}
}

@article{franz_logic_2016,
	title = {A logic approach to modeling nomenclatural change},
	url = {http://biorxiv.org/lookup/doi/10.1101/058834},
	doi = {10.1101/058834},
	abstract = {We utilize an Answer Set Programming (ASP) approach to show that the principles of nomenclature are tractable in computational logic. To this end we design a hypothetical, 20 nomenclatural taxon use case with starting conditions that embody several overarching principles of the International Code of Zoological Nomenclature; including Binomial Nomenclature, Priority, Coordination, Homonymy, Typification, and the structural requirement of Gender Agreement. The use case ending conditions are triggered by the reinterpretation of the diagnostic features of one of 12 type specimens anchoring the corresponding species-level names. Permutations of this child-to-parent reassignment action lead to 36 alternative scenarios, where each scenario requires 1-14 logically contingent nomenclatural emendations. We show that an ASP transition system approach can correctly infer the Code-mandated changes for each scenario, and visually output the ending conditions. The results provide a foundation for further developing logic-based nomenclatural change optimization and compliance verification services, which could be applied in globally coordinated nomenclatural registries. More generally, logic explorations of nomenclatural and taxonomic change scenarios provide a novel means of assessing design biases inherent in the principles of nomenclature, and thus may inform the design of future, big data-compatible identifier systems for systematic products that recognize and mitigate these constraints.},
	urldate = {2017-07-11},
	author = {Franz, Nico and Zhang, Chao and Lee, Joohyung},
	month = jun,
	year = {2016},
	file = {franz_logic.pdf:C\:\\Users\\vsend_000\\Zotero\\storage\\HXPRRRP5\\franz_logic.pdf:application/pdf}
}

@article{franz_two_2016,
	title = {Two influential primate classifications logically aligned},
	volume = {65},
	url = {https://academic.oup.com/sysbio/article-abstract/65/4/561/1753624},
	number = {4},
	urldate = {2017-07-11},
	journal = {Systematic biology},
	author = {Franz, Nico M. and Pier, Naomi M. and Reeder, Deeann M. and Chen, Mingmin and Yu, Shizhuo and Kianmajd, Parisa and Bowers, Shawn and Ludäscher, Bertram},
	year = {2016},
	pages = {561--582},
	file = {franz_primates.pdf:C\:\\Users\\vsend_000\\Zotero\\storage\\Z2J8DYBT\\franz_primates.pdf:application/pdf}
}

@article{momtchev_expanding_2009,
	title = {Expanding the pathway and interaction knowledge in linked life data},
	url = {http://challenge.semanticweb.org/documents/Linked%20Life%20Data-LLD%20semantic%20web%20challenge%202009.pdf},
	urldate = {2017-07-22},
	journal = {Proc. of International Semantic Web Challenge},
	author = {Momtchev, Vassil and Peychev, Deyan and Primov, Todor and Georgiev, Georgi},
	year = {2009},
	file = {Linked Life Data-LLD semantic web challenge 2009.pdf:C\:\\Users\\vsend_000\\Dropbox\\LIBRARY\\Articles\\PhD\\2009\\Linked Life Data-LLD semantic web challenge 2009.pdf:application/pdf}
}

@article{rebholz-schuhmann_facts_2005,
	title = {Facts from text—is text mining ready to deliver?},
	volume = {3},
	url = {http://journals.plos.org/plosbiology/article?id=10.1371/journal.pbio.0030065},
	number = {2},
	urldate = {2017-07-22},
	journal = {PLoS biology},
	author = {Rebholz-Schuhmann, Dietrich and Kirsch, Harald and Couto, Francisco},
	year = {2005},
	pages = {e65},
	file = {journal.pbio.0030065.PDF:C\:\\Users\\vsend_000\\Dropbox\\LIBRARY\\Articles\\PhD\\2005\\journal.pbio.0030065.PDF:application/pdf}
}

@article{williams_open_2012,
	title = {Open {PHACTS}: semantic interoperability for drug discovery},
	volume = {17},
	issn = {13596446},
	shorttitle = {Open {PHACTS}},
	url = {http://linkinghub.elsevier.com/retrieve/pii/S1359644612001936},
	doi = {10.1016/j.drudis.2012.05.016},
	language = {en},
	number = {21-22},
	urldate = {2017-07-22},
	journal = {Drug Discovery Today},
	author = {Williams, Antony J. and Harland, Lee and Groth, Paul and Pettifer, Stephen and Chichester, Christine and Willighagen, Egon L. and Evelo, Chris T. and Blomberg, Niklas and Ecker, Gerhard and Goble, Carole and Mons, Barend},
	month = nov,
	year = {2012},
	pages = {1188--1198},
	file = {openphacts.pdf:C\:\\Users\\vsend_000\\Dropbox\\LIBRARY\\Articles\\PhD\\2012\\openphacts.pdf:application/pdf}
}

@inproceedings{tzitzikas_integrating_2013,
	title = {Integrating heterogeneous and distributed information about marine species through a top level ontology},
	urldate = {2017-07-22},
	booktitle = {Research {Conference} on {Metadata} and {Semantic} {Research}},
	publisher = {Springer},
	author = {Tzitzikas, Yannis and Allocca, Carlo and Bekiari, Chryssoula and Marketakis, Yannis and Fafalios, Pavlos and Doerr, Martin and Minadakis, Nikos and Patkos, Theodore and Candela, Leonardo},
	year = {2013},
	pages = {289--301},
	file = {tzitzikas2013.pdf:C\:\\Users\\vsend_000\\Dropbox\\LIBRARY\\Articles\\PhD\\2013\\tzitzikas2013.pdf:application/pdf}
}

@article{senderov_open_2016,
	title = {The {Open} {Biodiversity} {Knowledge} {Management} {System} in {Scholarly} {Publishing}},
	volume = {2},
	issn = {2367-7163},
	url = {http://rio.pensoft.net/articles.php?id=7757},
	doi = {10.3897/rio.2.e7757},
	urldate = {2017-07-22},
	journal = {Research Ideas and Outcomes},
	author = {Senderov, Viktor and Penev, Lyubomir},
	month = jan,
	year = {2016},
	pages = {e7757},
	file = {senderov_phd_plan.pdf:C\:\\Users\\vsend_000\\Dropbox\\LIBRARY\\Articles\\PhD\\2016\\senderov_phd_plan.pdf:application/pdf}
}

@article{penev_fast_2010,
	title = {Fast, linked, and open – the future of taxonomic publishing for plants: launching the journal {PhytoKeys}},
	volume = {1},
	issn = {1314-2003, 1314-2011},
	shorttitle = {Fast, linked, and open – the future of taxonomic publishing for plants},
	url = {http://www.pensoft.net/journal_home_page.php?journal_id=3&page=article&type=show&article_id=642&abstract=1},
	doi = {10.3897/phytokeys.1.642},
	number = {0},
	urldate = {2017-07-22},
	journal = {PhytoKeys},
	author = {Penev, Lyubomir and Kress, W. John and Knapp, Sandra and Li, De-Zhu and Renner, Susanne},
	month = nov,
	year = {2010}
}

@article{manktelow_history_2010,
	title = {History of taxonomy},
	url = {http://www.atbi.eu/summerschool/files/summerschool/Manktelow_Syllabus.pdf},
	urldate = {2017-07-22},
	journal = {Lecture from Dept. of Systematic Biology, Uppsala University},
	author = {Manktelow, Mariette},
	year = {2010},
	file = {Manktelow_Syllabus.pdf:C\:\\Users\\vsend_000\\Dropbox\\LIBRARY\\Articles\\PhD\\incertae\\Manktelow_Syllabus.pdf:application/pdf}
}

@article{ratnasingham_dna-based_2013,
	title = {A {DNA}-{Based} {Registry} for {All} {Animal} {Species}: {The} {Barcode} {Index} {Number} ({BIN}) {System}},
	volume = {8},
	issn = {1932-6203},
	shorttitle = {A {DNA}-{Based} {Registry} for {All} {Animal} {Species}},
	url = {http://dx.plos.org/10.1371/journal.pone.0066213},
	doi = {10.1371/journal.pone.0066213},
	language = {en},
	number = {7},
	urldate = {2017-07-22},
	journal = {PLoS ONE},
	author = {Ratnasingham, Sujeevan and Hebert, Paul D. N.},
	editor = {Fontaneto, Diego},
	month = jul,
	year = {2013},
	pages = {e66213},
	file = {barcode.pdf:C\:\\Users\\vsend_000\\Dropbox\\LIBRARY\\Articles\\PhD\\2013\\barcode.pdf:application/pdf}
}

@book{bhl10277,
title = {Caroli Linnaei...Systema naturae per regna tria naturae :secundum classes, ordines, genera, species, cum characteribus, differentiis, synonymis, locis. },
volume = {v.1},
copyright = {Public domain. The BHL considers that this work is no longer under copyright protection.},
url = {http://www.biodiversitylibrary.org/item/10277},
publisher = {Holmiae :Impensis Direct. Laurentii Salvii,},
author = {Linnaeus, Carl von, and Salvius, Lars,},
year = {1758},
pages = {881},
}


@article{berendsohn_concept_1995,
	title = {The concept of" potential taxa" in databases},
	url = {http://www.jstor.org/stable/1222443},
	urldate = {2017-07-22},
	journal = {Taxon},
	author = {Berendsohn, Walter G.},
	year = {1995},
	pages = {207--212},
	file = {PotentialTaxa.pdf:C\:\\Users\\vsend_000\\Dropbox\\LIBRARY\\Articles\\PhD\\1995\\PotentialTaxa.pdf:application/pdf}
}


@incollection{peroni_semantic_2014,
	title = {The semantic publishing and referencing ontologies},
	urldate = {2017-07-22},
	booktitle = {Semantic {Web} {Technologies} and {Legal} {Scholarly} {Publishing}},
	publisher = {Springer},
	author = {Peroni, Silvio},
	year = {2014},
	pages = {121--193},
	file = {peroni-2014-semantic-publishing-referencing.pdf:C\:\\Users\\vsend_000\\Dropbox\\LIBRARY\\Articles\\PhD\\2014\\peroni-2014-semantic-publishing-referencing.pdf:application/pdf}
}


@article{baskauf_darwin-sw:_2016,
	title = {Darwin-{SW}: {Darwin} {Core}-based terms for expressing biodiversity data as {RDF}},
	volume = {7},
	doi = {10.3233/SW-150203},
	abstract = {Darwin-SW (DSW) is an RDF vocabulary designed to complement the Biodiversity Information Standards (TDWG) Darwin Core Standard. DSW is based on a model derived from a community discussion about the relationships among the main Darwin Core classes. DSW creates a new class to accommodate an important aspect of its model that is not currently part of Darwin Core: a class of Tokens, which are forms of evidence. DSW uses Web Ontology Language (OWL) to make assertions about the classes in its model and to define object properties that are used to link instances of those classes. A goal in the creation of DSW was to facilitate consistent markup of biodiversity data so that RDF graphs created by different providers could be easily merged. Accordingly, DSW provides a mechanism for testing whether its terms are being used in a manner consistent with its model. Two transitive object properties enable the creation of simple SPARQL queries that can be used to discover new information about linked resources whose metadata are generated by different providers. The Organism class enables semantic linking of biodiversity resources to vocabularies outside of TDWG that deal with observations and ecological phenomena.},
	language = {English},
	number = {6},
	journal = {Semantic Web Journal},
	author = {Baskauf, Steve and Webb, Campbell O.},
	year = {2016},
	pages = {629--643},
	file = {swj1213.pdf:C\:\\Users\\vsend_000\\Dropbox\\LIBRARY\\Articles\\PhD\\2015\\swj1213.pdf:application/pdf}
}


@article{wieczorek_darwin_2012,
	title = {Darwin {Core}: {An} {Evolving} {Community}-{Developed} {Biodiversity} {Data} {Standard}},
	volume = {7},
	issn = {1932-6203},
	shorttitle = {Darwin {Core}},
	url = {http://dx.plos.org/10.1371/journal.pone.0029715},
	doi = {10.1371/journal.pone.0029715},
	language = {en},
	number = {1},
	urldate = {2017-07-22},
	journal = {PLoS ONE},
	author = {Wieczorek, John and Bloom, David and Guralnick, Robert and Blum, Stan and Döring, Markus and Giovanni, Renato and Robertson, Tim and Vieglais, David},
	editor = {Sarkar, Indra Neil},
	month = jan,
	year = {2012},
	pages = {e29715}
}


@misc{dmitriev_nomen_nodate,
	title = {{NOMEN}},
	url = {https://github.com/SpeciesFileGroup/nomen},
	urldate = {2017-07-22},
	author = {Dmitriev, D.A. and Yoder, M.}
}


@misc{morris_taxonomic_nodate,
	title = {Taxonomic {Nomenclatural} {Status} {Terms}},
	author = {Morris, Paul J. and Morris, Robert A. and Wang, Zhimin}
}



@book{iczn1999,
	edition = {Fourth},
	title = {International {Code} of {Zoological} {Nomenclature}},
	author = {{The International Trust for Zoological Nomenclature, London, UK}},
	year = {1999}
}


@book{mcneill_international_2012,
	address = {Königstein, Germany},
	series = {Regnum vegetabile},
	title = {International code of nomenclature for algae, fungi and plants ({Melbourne} code): adopted by the {Eighteenth} {International} {Botanical} {Congress} {Melbourne}, {Australia}, {July} 2011},
	isbn = {978-3-87429-425-6},
	shorttitle = {International code of nomenclature for algae, fungi and plants ({Melbourne} code)},
	number = {v. 154},
	publisher = {Koeltz Scientific Books},
	editor = {McNeill, John and International Association for Plant Taxonomy},
	year = {2012},
	note = {OCLC: ocn824722354},
	keywords = {Algae, Fungi, Nomenclature, Plants}
}


@misc{tdwg_taxon_concept,
	title = {Taxonomic {Concept} {Transfer} {Schema} ({TCS}), version 1.01},
	url = {http://www.tdwg.org/standards/117},
	publisher = {Biodiversity Information Standards (TDWG)},
	author = {{Taxonomic Names and Concepts interest group}},
	year = {2006}
}

@misc{devries_taxon_nodate,
	title = {Taxon {Concept} {Ontology}},
	url = {http://taxonconcept.org},
	author = {DeVries, Peter}
}

@article{franz_perspectives:_2009,
	title = {Perspectives: {Towards} a language for mapping relationships among taxonomic concepts},
	volume = {7},
	issn = {1477-2000, 1478-0933},
	shorttitle = {Perspectives},
	url = {http://www.tandfonline.com/doi/abs/10.1017/S147720000800282X},
	doi = {10.1017/S147720000800282X},
	language = {en},
	number = {1},
	urldate = {2017-07-22},
	journal = {Systematics and Biodiversity},
	author = {Franz, N.M. and Peet, R.K.},
	month = mar,
	year = {2009},
	pages = {5--20},
	file = {franz2009.pdf:C\:\\Users\\vsend_000\\Dropbox\\LIBRARY\\Articles\\PhD\\2008\\franz2009.pdf:application/pdf}
}

@misc{rdf_guide,
	title = {The {Open} {Biodiversity} {Knowledge} {Management} {System} {RDF} {Guide}},
	shorttitle = {{OpenBiodiv} {RDF} {Guide}},
	url = {https://github.com/pensoft/OpenBiodiv/blob/master/ontology/RDF_Guide.md},
	author = {Senderov, Viktor and Mietchen, Daniel and Simov, Kiril}
}